<record><leader>00000cas a22000007a 4500</leader><controlfield tag="001">55477280</controlfield><controlfield tag="008">040524d20002006vauwr ne      0    0eng d</controlfield><datafield ind1=" " ind2=" " tag="010"><subfield code="a">sn2004061575</subfield></datafield><datafield ind1=" " ind2=" " tag="040"><subfield code="a">NVK</subfield><subfield code="b">eng</subfield><subfield code="c">NVK</subfield><subfield code="d">NVK</subfield><subfield code="d">OCLCQ</subfield><subfield code="d">OCLCF</subfield><subfield code="d">OCLCO</subfield></datafield><datafield ind1="1" ind2=" " tag="029"><subfield code="a">AU@</subfield><subfield code="b">000025566758</subfield></datafield><datafield ind1=" " ind2=" " tag="042"><subfield code="a">msc</subfield></datafield><datafield ind1=" " ind2=" " tag="043"><subfield code="a">n-us-va</subfield></datafield><datafield ind1="0" ind2="4" tag="245"><subfield code="a">The Annandale times.</subfield></datafield><datafield ind1=" " ind2=" " tag="260"><subfield code="a">Reston, Va. :</subfield><subfield code="b">Times Community Newspapers,</subfield><subfield code="c">-2006.</subfield></datafield><datafield ind1=" " ind2=" " tag="300"><subfield code="a">v.</subfield></datafield><datafield ind1=" " ind2=" " tag="310"><subfield code="a">Weekly</subfield></datafield><datafield ind1="1" ind2=" " tag="362"><subfield code="a">Began Apr. 13, 2000.</subfield></datafield><datafield ind1="0" ind2=" " tag="362"><subfield code="a">-6th year, no. 13 (Mar. 30, 2006).</subfield></datafield><datafield ind1=" " ind2=" " tag="580"><subfield code="a">Times Community Newspapers, under Peter Arundel, also publishes: Burke times, Centreville times, Chantilly times, Clarke times-courier, Eastern Loudoun times, Fairfax times, Fairfax Station times, Fauquier times-democrat, Gainesville times, Great Falls times, Herndon times, Loudoun times-mirror, McLean times &amp; Providence journal, Rappahannock news, Reston times, Springfield times, Vienna times, Loudoun Friday times.</subfield></datafield><datafield ind1=" " ind2=" " tag="580"><subfield code="a">Merged with: the Fairfax times to form the Times (Fairfax, Annandale Edition).</subfield></datafield><datafield ind1=" " ind2=" " tag="588"><subfield code="a">Description based on: [vol. 4], no. 6 (Feb. 5, 2004).</subfield></datafield><datafield ind1=" " ind2="0" tag="651"><subfield code="a">Annandale (Va.)</subfield><subfield code="v">Newspapers.</subfield></datafield><datafield ind1=" " ind2="0" tag="651"><subfield code="a">Fairfax County (Va.)</subfield><subfield code="v">Newspapers.</subfield></datafield><datafield ind1=" " ind2="7" tag="655"><subfield code="a">Newspapers.</subfield><subfield code="2">fast</subfield><subfield code="0">(OCoLC)fst01423814</subfield></datafield><datafield ind1=" " ind2="7" tag="651"><subfield code="a">Virginia</subfield><subfield code="z">Annandale.</subfield><subfield code="2">fast</subfield><subfield code="0">(OCoLC)fst01206230</subfield></datafield><datafield ind1=" " ind2="7" tag="651"><subfield code="a">Virginia</subfield><subfield code="z">Fairfax County.</subfield><subfield code="2">fast</subfield><subfield code="0">(OCoLC)fst01204981</subfield></datafield><datafield ind1="2" ind2=" " tag="710"><subfield code="a">Times Community Newspapers.</subfield></datafield><datafield ind1=" " ind2=" " tag="752"><subfield code="a">United States</subfield><subfield code="b">Virginia</subfield><subfield code="c">Fairfax</subfield><subfield code="d">Annandale.</subfield></datafield><datafield ind1="1" ind2=" " tag="775"><subfield code="t">Burke times</subfield><subfield code="w">(DLC)sn 98068231</subfield></datafield><datafield ind1="1" ind2=" " tag="775"><subfield code="t">Centreville times (Centreville, Va.)</subfield><subfield code="w">(DLC)sn 98068261</subfield></datafield><datafield ind1="1" ind2=" " tag="775"><subfield code="t">Chantilly times</subfield><subfield code="w">(DLC)sn2006060556</subfield></datafield><datafield ind1="1" ind2=" " tag="775"><subfield code="t">Clarke times-courier</subfield><subfield code="w">(DLC)sn 97066021</subfield></datafield><datafield ind1="1" ind2=" " tag="775"><subfield code="t">Eastern Loudoun times</subfield><subfield code="w">(DLC)sn2002061823</subfield></datafield><datafield ind1="1" ind2=" " tag="775"><subfield code="t">Fairfax times</subfield><subfield code="w">(DLC)sn2005061529</subfield></datafield><datafield ind1="1" ind2=" " tag="775"><subfield code="t">Fairfax Station times</subfield><subfield code="w">(DLC)sn2006060574</subfield></datafield><datafield ind1="1" ind2=" " tag="775"><subfield code="t">Fauquier times-democrat</subfield><subfield code="w">(DLC)sn 90002127</subfield></datafield><datafield ind1="1" ind2=" " tag="775"><subfield code="t">Gainesville times</subfield><subfield code="w">(DLC)sn2003061510</subfield></datafield><datafield ind1="1" ind2=" " tag="775"><subfield code="t">Great Falls times</subfield><subfield code="w">(DLC)sn2004061584</subfield></datafield><datafield ind1="1" ind2=" " tag="775"><subfield code="t">Herndon times</subfield><subfield code="w">(DLC)sn 98068214</subfield></datafield><datafield ind1="1" ind2=" " tag="775"><subfield code="t">Loudoun times-mirror</subfield><subfield code="w">(DLC)sn 83004968</subfield></datafield><datafield ind1="1" ind2=" " tag="775"><subfield code="t">McLean times &amp; Providence journal</subfield><subfield code="w">(DLC)sn 98068353</subfield></datafield><datafield ind1="1" ind2=" " tag="775"><subfield code="t">Rappahannock news</subfield><subfield code="w">(DLC)sn 96095008</subfield></datafield><datafield ind1="1" ind2=" " tag="775"><subfield code="t">Reston times</subfield><subfield code="w">(DLC)sn 96095007</subfield></datafield><datafield ind1="1" ind2=" " tag="775"><subfield code="t">Springfield times</subfield><subfield code="w">(DLC)sn 98068235</subfield></datafield><datafield ind1="1" ind2=" " tag="775"><subfield code="t">Vienna times</subfield><subfield code="w">(DLC)sn 98068225</subfield></datafield><datafield ind1="1" ind2=" " tag="775"><subfield code="t">Loudoun Friday times</subfield><subfield code="w">(DLC)sn2004061533</subfield></datafield><datafield ind1="1" ind2="7" tag="785"><subfield code="t">Fairfax times</subfield><subfield code="w">(DLC)sn2005061529</subfield></datafield><datafield ind1="1" ind2="7" tag="785"><subfield code="t">Times (Fairfax, Annandale Edition)</subfield><subfield code="w">(DLC)sn2006060591</subfield></datafield></record>